<?xml version="1.0" encoding="UTF-8"?><collection xmlns="http://www.loc.gov/MARC21/slim"><record><leader>00465nam--2200169-i-4500</leader><controlfield tag="001">000025896</controlfield><controlfield tag="002">20161230</controlfield><controlfield tag="005">20170303121305</controlfield><controlfield tag="008">060222s1000------------r-----000-0-rum-d</controlfield><datafield ind1=" " ind2=" " tag="040"><subfield code="a">IIFN-HH</subfield></datafield><datafield ind1=" " ind2=" " tag="080"><subfield code="a">539</subfield></datafield><datafield ind1="1" ind2=" " tag="100"><subfield code="a">Joliot-curie, Frederic</subfield></datafield><datafield ind1="1" ind2="0" tag="245"><subfield code="a">Opere alese</subfield><subfield code="b">Cuvant inainte Acad. Horia Hulubei</subfield><subfield code="c">Frederic Joliot-Curie</subfield></datafield><datafield ind1=" " ind2=" " tag="260"><subfield code="a">Bucuresti</subfield><subfield code="b">Editura Academiei RPR</subfield><subfield code="c">1960</subfield></datafield><datafield ind1=" " ind2=" " tag="300"><subfield code="a">VIII+319P</subfield></datafield><datafield ind1=" " ind2=" " tag="852"><subfield code="a">13700</subfield><subfield code="c">539</subfield></datafield><datafield ind1=" " ind2=" " tag="CAT"><subfield code="a">SYS</subfield><subfield code="c">20170303</subfield><subfield code="h">121305</subfield></datafield></record></collection>